<record><leader>00000cas a2200000 a 4500</leader><controlfield tag="001">35274006</controlfield><controlfield tag="008">960820d18801892miudn ne      0    0eng c</controlfield><datafield ind1=" " ind2=" " tag="010"><subfield code="a">sn 96076992 </subfield></datafield><datafield ind1=" " ind2=" " tag="040"><subfield code="a">MHN</subfield><subfield code="b">eng</subfield><subfield code="c">MHN</subfield><subfield code="d">OCL</subfield><subfield code="d">MHN</subfield><subfield code="d">OCLCQ</subfield><subfield code="d">OCLCF</subfield><subfield code="d">OCLCO</subfield></datafield><datafield ind1="1" ind2=" " tag="029"><subfield code="a">AU@</subfield><subfield code="b">000012845209</subfield></datafield><datafield ind1=" " ind2=" " tag="042"><subfield code="a">pcc</subfield></datafield><datafield ind1=" " ind2=" " tag="043"><subfield code="a">n-us-mi</subfield></datafield><datafield ind1="0" ind2=" " tag="130"><subfield code="a">Evening leader (Grand Rapids, Mich.)</subfield></datafield><datafield ind1="1" ind2="4" tag="245"><subfield code="a">The evening leader.</subfield></datafield><datafield ind1="1" ind2="3" tag="246"><subfield code="a">Daily leader</subfield></datafield><datafield ind1=" " ind2=" " tag="260"><subfield code="a">Grand Rapids, Mich. :</subfield><subfield code="b">National Greenback Co.</subfield></datafield><datafield ind1=" " ind2=" " tag="300"><subfield code="a">v.</subfield></datafield><datafield ind1=" " ind2=" " tag="310"><subfield code="a">Daily (except Sun.)</subfield></datafield><datafield ind1="0" ind2=" " tag="362"><subfield code="a">Vol. 2, no. 97 (May 31, 1880)-v. 8, no. 308 (Feb. 14, 1887); 9th yr. (Feb. 15, 1887)-14th yr. (Dec. 24, 1892).</subfield></datafield><datafield ind1=" " ind2=" " tag="580"><subfield code="a">Merged with: Morning press (Grand Rapids, Mich.), to form: Evening press and leader.</subfield></datafield><datafield ind1=" " ind2="0" tag="651"><subfield code="a">Grand Rapids (Mich.)</subfield><subfield code="v">Newspapers.</subfield></datafield><datafield ind1=" " ind2="0" tag="651"><subfield code="a">Kent County (Mich.)</subfield><subfield code="v">Newspapers.</subfield></datafield><datafield ind1=" " ind2="7" tag="655"><subfield code="a">Newspapers.</subfield><subfield code="2">fast</subfield><subfield code="0">(OCoLC)fst01423814</subfield></datafield><datafield ind1=" " ind2="7" tag="651"><subfield code="a">Michigan</subfield><subfield code="z">Grand Rapids.</subfield><subfield code="2">fast</subfield><subfield code="0">(OCoLC)fst01206920</subfield></datafield><datafield ind1=" " ind2="7" tag="651"><subfield code="a">Michigan</subfield><subfield code="z">Kent County.</subfield><subfield code="2">fast</subfield><subfield code="0">(OCoLC)fst01202912</subfield></datafield><datafield ind1=" " ind2=" " tag="752"><subfield code="a">United States</subfield><subfield code="b">Michigan</subfield><subfield code="c">Kent</subfield><subfield code="d">Grand Rapids.</subfield></datafield><datafield ind1="1" ind2=" " tag="775"><subfield code="t">Grand Rapids weekly leader</subfield><subfield code="w">(DLC)sn 96076994</subfield><subfield code="w">(OCoLC)35268410</subfield></datafield><datafield ind1="0" ind2="0" tag="780"><subfield code="t">Grand Rapids daily leader</subfield><subfield code="w">(DLC)sn 96076991</subfield><subfield code="w">(OCoLC)35268038</subfield></datafield><datafield ind1="1" ind2="7" tag="785"><subfield code="t">Morning press (Grand Rapids, Mich.)</subfield><subfield code="w">(DLC)sn2001061791</subfield><subfield code="w">(OCoLC)47854402</subfield></datafield><datafield ind1="1" ind2="7" tag="785"><subfield code="t">Evening press and leader</subfield><subfield code="w">(DLC)sn 96076993</subfield><subfield code="w">(OCoLC)35268368</subfield></datafield></record>